@article{CavityBenchmark,                                                                                                                                                                                           
author = {R.~Becker and M.~Braack},
title = {{Solution of a stationary benchmark problem for natural convection with large temperature difference}},
journal = {International Journal Of Thermal Sciences},
year = {2002},
volume = {41},
number = {5},
pages = {428--439}
}

@article{CodinaPaper,                                                                                                                                                                                               
author = {J.~Principe and R.~Codina},
title = {{Mathematical models for thermally coupled low speed flows}},
journal = {Advances in Theoretical and Applied Mechanics},
year = {2009},
volume = {2},
pages = {93--112}
}
